@book{LC,
    author = {L.~Caniglia},
    title = {{Group Theory Notes}},
    publisher = {Manuscript},
    year = {2022}
}